@article{2004JF000202,
	author = {Frank Pattyn},
	title = {Assessing the ability of numerical ice sheet models to simulate grounding line migration},
	year = {2005},
	doi = {10.1029/2004JF000202}
}
@article{Pattyn2006JGR,
	author = {Frank Pattyn},
	title = {Role of transition zones in marine ice sheet dynamics},
	year = {2006},
	doi = {10.1029/2005JF000394}
}
@Book{Gershenfeld:1999,
  author   	= {Gershenfeld, N.},
  title    	= {The Nature of Mathematical Modeling},
  year   	= {1999},
  publisher   	= {Cambridge University Press}
}
@Book{Demkowicz:2007,
	author = {L. Demkowicz and J. Kurtz and D. Pardo and W. Rachowicz and M. Paszynski and A. Zdunek},
	title = {Computing with Hp-Adaptive Finite Elements},
	booktitle = {Three Dimensional Elliptic and Maxwell Problharems with Applications},
	publisher = {Chapman and Hall, CRC Press},
	year = 2007
}
@misc{glimmerdoc,
	author = {M. Hagdorn and I. Rutt and N. R. Hulton and A. J. Payne},
	title = {The 'Glimmer' community ice sheet model},
	journal = {Journal of Geophysical Research},
	year = {2008},
	doi = {10.1029/}
}
@Article{Huybrechts:1996,
  author   	= {P. Huybrechts and T. Payne and {The EISMINT Intercomparison Group}},
  title    	= {The {EISMINT} Benchmarks for Testing Ice--Sheet Models},
  volume   	= {23},
  year   	= {1996},
  pages   	= {1--12},
  journal   	= {Ann. Glaciol.},
  
}

@Book{Huybrechts:1998,
  author   	= {P. Huybrechts and A. Abe-Ouchi and I. Marsiat and F. Pattyn and T. Payne and C. Ritz and V. Rommelaere},
  title    	= {Report of the Third {EISMINT} Workshop on Model Intercomparison},
  year   	= {1998},
  pages   	= {140},
  publisher   	= {European Science Foundation (Strasbourg)},
  
}

@misc{phamldoc,
	author = {William F. Mitchell},
	title = {PHAML User's Guide},
	journal = {NISTIR 7374},
	year = {2010}
}
@article{mitchell:hp,
	author = {William F. Mitchell, Majorie A. MClain},
	title = {A Survey of hp-Adaptive Strategies for Elliptic Partial Differential Equations},
	journal = {Annals of the European Academy of Sciences},
	number = {preprint},
	year = {2010}
}

@article{mitchell:2d,
	author = {William F. Mitchell},
	title = {A Collection of 2D Elliptic Problems for Testing Adaptive Algorithms},
	journal = {NISTIR 7668},
	year = {2010}
}
@article{bueler:2007,
	author = {Ed Bueler},
	title = {Exact solutions to the thermomechanically coupled shallow-ice approximation: effective tools for verification},
	journal = {Journal of Glaciology},
	year = {2007}
}
@article{bueler:2005,
	author = {Ed Bueler},
	title = {Exact solutions and verification of numberical models for isothermal ice sheets},
	year = {2005}
}
@article{Bergetal2006b,
	author = {Van Den Berg},
	title = {Effects of spatial discretization in ice-sheet modelling using the shallow-ice approximation},
	journal = {Journal of Glaciology},
	volume = {52},
	number = {176},
	pages = {89},
	year = {2006}
}
@article{a46a079,
	author = {Fuyuki},
	title = {An imporoved numerical scheme to compute horizontal gradients at the ice-sheet margin: its effect on the simulated ice thickness and temperature},
	journal = {Annals of Glaciology},
	number = {46},
	pages = {87},
	year = {2007}
}
@article{mismip4,
	author = {Schoof Pattyn Hindmarsh},
	title = {MISMIP: Marine ice sheet model intercomparison project},
	year = {2008},
	doi = {10.1029/2004GL022024.}
}

@Article{Pattyn:2003,
  author   	= {F. Pattyn},
  title    	= {A new three-dimensional higher-order thermomechanical ice-sheet model: basic
      	 sensitivity, ice-stream development and ice flow across subglacial lakes},
  volume   	= {108},
  year   	= {2003},
  doi   	= {10.1029/2002JB002329},
  pages   	= {2382},
  journal   	= {Journal of Geophysical Research (Solid Earth)},
  number   	= {B8},
  
}
@Article{Pollard:2009,
  author   	= {David Pollard and Robert M. DeConto},
  title    	= {Modelling West Antarctic ice sheet growth and collapse through the past five million years},
  volume   	= {458},
  year   	= {2009},
  pages   	= {229-232},
  journal   	= {Nature},
  doi   	= {10.1038/nature07809},
  
}

@Article{Bocek:2009,
  author   	= {Tim Bocek},
  title    	= {Integration of Higher-Order Physics in the Community Ice Sheet Model: Scientific and Software Concerns},
  year   	= {2009},
  pages   	= {59-70},
  journal   	= {Unpublished}
}

@incollection{shewchuk96b,
	author = {Jonathan Richard Shewchuk},
	title = {Triangle:  {E}ngineering a {2D} {Q}uality {M}esh {G}enerator and
  		{D}elaunay {T}riangulator},
	booktitle = {Applied Computational Geometry:  Towards Geometric Engineering},
	editor = {Ming C. Lin and Dinesh Manocha},
	series = {Lecture Notes in Computer Science},
	volume = 1148,
	publisher = {Springer-Verlag},
	pages = {203--222},
	month = may,
	year = 1996,
	note = {From the First ACM Workshop on Applied Computational Geometry}
}

@article{shewchuk97a,
	author = {Jonathan Richard Shewchuk},
	title = {Adaptive {P}recision {F}loating-{P}oint {A}rithmetic and {F}ast
	  {R}obust {G}eometric {P}redicates},
	journal = {Discrete \& Computational Geometry},
	volume = 18,
	number = 3,
	pages = {305--363},
	month = oct,
	year = 1997
}


@Misc{NetCDF:website,
  author	= {Unidata},
  title	= {Unidata},
  month	= {Accessed May},
  year	= {2010},
  url	= {http://www.unidata.ucar.edu/software/netcdf/}
}

@Misc{PHAML:website,
  author	= {William Mitchell},
  title	= {PHAML},
  month	= {Accessed May},
  year	= {2010},
  url   = {http://math.nist.gov/phaml/}
}

@Misc{Triangle:website,
  author	= {Jonathan Richard Shewchuk},
  title	= {Triangle},
  month	= {Accessed May},
  year	= {2010},
  url   = {http://www.cs.cmu.edu/~quake/triangle.html}
}

@Misc{cism:website,
  author	= {CISM Community},
  title	= {Glimmer, the Community Ice Sheet Model},
  month	= {Accessed May},
  year	= {2010},
  url   = {http://glimmer-cism.berlios.de/}
}

@Misc{cismwiki:website,
  author	= {CISM Community Wiki},
  title	= {Development of a Community Ice Sheet Model},
  month	= {Accessed May},
  year	= {2010},
  url   = {http://websrv.cs.umt.edu/isis/index.php/Main_Page}
}

@Misc{doxygen:website,
  author	= {Dimitri},
  title	= {Doxygen},
  month	= {Accessed May},
  year	= {2010},
  url   = {http://www.stack.nl/~dimitri/doxygen/index.html}
}

@Article{Pfeffer:2008,
    author = {Pfeffer, W T and Harper, J T and Neel, S},
    title = {Kinematic constraints on glacier contributions to 21st-century sea-level rise.},
    journal = {Science},
    volume = {321},
    year = {2008},
    number = {5894},
    pages = {1340-3},
    url = {http://www.biomedsearch.com/nih/Kinematic-constraints-glacier-contributions-to/18772435.html},
    PubMedID = {18772435},
ISSN = {1095-9203}
}

@article{McGranahan:2007,
	author = {McGranahan, G and Balk, D and Anderson, B},
	title = {The rising tide: assessing the risks of climate change and human settlements in low elevation coastal zones},
	journal = {Environment and Urbanization},
	volume = {19},
	number = {1},
	pages = {17-37},
	year = {2007},
	doi = {10.1177/0956247807076960}
}

@Misc{sheehan:website,
  author	= {Sheehan, John D.},
  title	= {Finite Element},
  month	= {Accessed June},
  year	= {2010},
  url   = {http://homepages.dias.ie/~js/000_finiteElement.php}
}

@book{IPCC2007,
  author = {IPCC},
  interhash = {79b2aa3cd8b8dcfdaf4fbd005c246fb0},
  intrahash = {ee8fa5001c307e9d40938c70c508cb77},
  publisher = {Geneva: IPCC},
  title = {Fourth Assessment Report: Climate Change 2007: The AR4 Synthesis Report},
  url = {http://www.ipcc.ch/ipccreports/ar4-wg1.htm},
  year = 2007,
  keywords = {climate international science},
  biburl = {http://www.bibsonomy.org/bibtex/2ee8fa5001c307e9d40938c70c508cb77/sustdev_ac},
  abstract = {Working Group I reports on the Physical Science Basis of Climate Change. This report addresses the key areas of climate change research and shows that the warming of the climate system is unequivocal. Working Group II examines the future likely impacts of climate change on the planet, its vulnerability and capacity to adapt. The content of the report is wide-ranging, outlining predicted impacts for all continents and identifying major systems with specific detail.}
}
